@ARTICLE{MSOSA,
  author={Msosa, Yamiko Joseph and Grauslys, Arturas and Zhou, Yifan and Wang, Tao and Buchan, Iain and Langan, Paul and Foster, Steven and Walker, Michael and Pearson, Michael and Folarin, Amos and Roberts, Angus and Maskell, Simon and Dobson, Richard and Kullu, Cecil and Kehoe, Dennis},
  journal={IEEE Journal of Biomedical and Health Informatics}, 
  title={Trustworthy Data and AI Environments for Clinical Prediction: Application to Crisis-Risk in People With Depression}, 
  year={2023},
  volume={27},
  number={11},
  pages={5588-5598},
  doi={10.1109/JBHI.2023.3312011}}

@ARTICLE{LO,
  author={Lo, Meng-Chen and Younk, Rebecca and Widge, Alik S.},
  journal={IEEE Transactions on Neural Systems and Rehabilitation Engineering}, 
  title={Paired Electrical Pulse Trains for Controlling Connectivity in Emotion-Related Brain Circuitry}, 
  year={2020},
  volume={28},
  number={12},
  pages={2721-2730},
  doi={10.1109/TNSRE.2020.3030714}}

@ARTICLE{DANTAS,
  title     = "Migra{\c c}{\~a}o, Preven{\c c}{\~a}o em sa{\'u}de mental e Rede Digital",
  author    = "Dantas, Sylvia",
  journal   = "REMHU",
  publisher = "FapUNIFESP (SciELO)",
  volume    =  24,
  number    =  46,
  pages     = "143--157",
  month     =  apr,
  year      =  2016}

@ARTICLE{SILVAeOTAVIANO,
  title     = "Implanta{\c c}{\~a}o de Terapia Comunit{\'a}ria online:
               tecnologia do cuidado em tempos de pandemia",
  author    = "Silva, Andr{\'e} Luiz Pereira and Otaviano,      Doralice and Ferreira, Fernanda Cruz Vieira and Otaviano, Jurema Valkiria and Otaviano, Jussara and Oliveira, Neusa and Donizete, Wellington Palmieri",
  journal   = "Temas em educ. sa{\'u}de",
  publisher = "Revista Temas em Educacao e Saude",
  volume    =  16,
  number    = "esp. 1",
  pages     = "393--408",
  month     =  sep,
  year      =  2020}

@ARTICLE{SIEGMUND,
  title     = "Aspectos {\'e}ticos das interven{\c c}{\~o}es psicol{\'o}gicas
               online no Brasil: Situa{\c c}{\~a}o atual e desafios",
  author    = "Siegmund, Gerson and Janzen, Marcos Ricardo and Gomes, William
               Barbosa and Gauer, Gustavo",
  journal   = "Psicol. Estud.",
  publisher = "Universidade Estadual de Maringa",
  volume    =  20,
  number    =  3,
  pages     = "437",
  month     =  sep,
  year      =  2015}

@article {CFP,
    author="CFP",
    title="Resolução do Conselho Federal de Psicologia sobre Serviços Psicológicos Prestados por Meios de Tecnologia da Informação e da Comunicação",
    journal="Diário Oficial da União",
    note= "Resolução CFP nº 04/2020 ",
    year= 2020,
    month= jun,
    page= 59,
    address= "Brasil",
}

@article {LGPD,
  author="LGPD",
  title="Lei Geral de Proteção de Dados (LGPD)",
  journal="Diário Oficial da União",
note="Lei nº 13.709/2018",
  year= 2018,
  month= 8,
  page= 59,
address= "Brasil",
series="Direitos e Garantias Fundamentais"}

@inproceedings{EMMA,
  title           = "Emotion and mentality monitoring assistant ({EMMA})",
  booktitle       = "2023 8th International Conference on Communication and
                     Electronics Systems ({ICCES})",
  author          = "Kiridena, Ishini and Marasinghe, Dayan and Karunarathne,
                     Ruvini and Wijethunga, Kavindu and Fernando, Harinda",
  publisher       = "IEEE",
  month           =  jun,
  year            =  2023,
  conference      = "2023 8th International Conference on Communication and
                     Electronics Systems (ICCES)",
  address        = "Coimbatore, India"}

@ARTICLE{RODRIGUES,
  title     = "Preval{\^e}ncia de transtornos mentais comuns e fatores
               associados em estudantes de uma universidade p{\'u}blica
               brasileira",
  author    = "Rodrigues, Daniela da Silva and Cruz, Daniel Marinho Cezar da
               and Nascimento, Jana{\'\i}na Santos and Cid, Maria Fernanda
               Barboza",
  journal   = "Cad. Bras. Ter. Ocup.",
  publisher = "FapUNIFESP (SciELO)",
  volume    =  30,
  year      =  2022
}

@ARTICLE{DUFFY,
  title     = "Mental health care for university students: a way forward?",
  author    = "Duffy, Anne and Saunders, Kate E A and Malhi, Gin S and Patten,
               Scott and Cipriani, Andrea and McNevin, Stephen H and MacDonald,
               Ellie and Geddes, John",
  journal   = "Lancet Psychiatry",
  publisher = "Elsevier BV",
  volume    =  6,
  number    =  11,
  pages     = "885--887",
  month     =  nov,
  year      =  2019
}

@ARTICLE{LOPES,
  title     = "Transtornos mentais comuns em estudantes universit{\'a}rios: uma
               revis{\~a}o sistem{\'a}tica da literatura",
  author    = "Lopes, Fernanda Machado and Lessa, Renata Thurler and Carvalho,
               Reinaldo Ant{\^o}nio and Reichert, Richard Alecsander and
               Andrade, Andr{\'e} Luiz Monezi and De Micheli, Denise",
  journal   = "Rev. Psicol. Em Pesqui.",
  publisher = "Universidade Federal de Juiz de Fora",
  volume    =  16,
  number    =  1,
  pages     = "1--23",
  month     =  dec,
  year      =  2021
}

@ARTICLE{BARROS,
  title     = "Integra{\c c}{\~a}o ao ensino superior e sa{\'u}de mental: um
               estudo em uma universidade p{\'u}blica federal brasileira",
  author    = "Barros, Rebeca Neri de and Peixoto, Adriano de Lemos Alves",
  journal   = "Aval. Rev. Aval. Educ. Super. (Camp.)",
  publisher = "FapUNIFESP (SciELO)",
  volume    =  27,
  number    =  3,
  pages     = "609--631",
  month     =  dec,
  year      =  2022,
  copyright = "http://creativecommons.org/licenses/by-nc/4.0/"
}

@ARTICLE{PATTON,
  title     = "Our future: a Lancet commission on adolescent health and
               wellbeing",
  author    = "Patton, George C and Sawyer, Susan M and Santelli, John S and
               Ross, David A and Afifi, Rima and Allen, Nicholas B and Arora,
               Monika and Azzopardi, Peter and Baldwin, Wendy and Bonell,
               Christopher and Kakuma, Ritsuko and Kennedy, Elissa and Mahon,
               Jaqueline and McGovern, Terry and Mokdad, Ali H and Patel,
               Vikram and Petroni, Suzanne and Reavley, Nicola and Taiwo,
               Kikelomo and Waldfogel, Jane and Wickremarathne, Dakshitha and
               Barroso, Carmen and Bhutta, Zulfiqar and Fatusi, Adesegun O and
               Mattoo, Amitabh and Diers, Judith and Fang, Jing and Ferguson,
               Jane and Ssewamala, Frederick and Viner, Russell M",
  journal   = "Lancet",
  publisher = "Elsevier BV",
  volume    =  387,
  number    =  10036,
  pages     = "2423--2478",
  month     =  jun,
  year      =  2016,
  language  = "en"
}


@article{CASTRO,
  title={Reflex{\~o}es sobre a sa{\'u}de mental do estudante universit{\'a}rio: estudo emp{\'\i}rico com estudantes de uma institui{\c{c}}{\~a}o p{\'u}blica de ensino superior},
  author={Castro, Vin{\'\i}cius Renn{\'o}},
  journal={Revista gest{\~a}o em foco},
  volume={9},
  number={1},
  pages={380--401},
  year={2017},
  publisher={ed}
}

@ARTICLE{ROSSI,
  title     = "Adolesc{\^e}ncias, sa{\'u}de mental e crise: a hist{\'o}ria
               contada por familiares",
  author    = "Rossi, L{\'\i}via Martins and Cid, Maria Fernanda Barboza",
  journal   = "Cad. Bras. Ter. Ocup.",
  publisher = "Editora Cubo",
  volume    =  27,
  number    =  4,
  pages     = "734--742",
  year      =  2019
}

@misc{ABRATECOM,
    Author = {ABRATECOM},
    title = {ASSOCIAÇÃO BRASILEIRA DE TERAPIA COMUNITÁRIA INTEGRATIVA. Rede de vínculos, solidariedade e de pesquisa.},
    howpublished = {\url{https://abratecom.org.br/quem-somos/}},
    Year = {2023},
    note = {Acesso: 19 nov 2023}
}

@misc{OAUTHSCOPES,
    Author = {OAUTHSCOPES},
    title = {OAuth 2.0 Scopes for Google APIs},
    howpublished = {\url{https://developers.google.com/identity/protocols/oauth2/scopes}},
    year={2023},
    note = {Acesso: 26 nov 2023}
}

@misc{OAUTHACESS,
    Author = {OAUTHACESS},
    title = {Using OAuth 2.0 to Access Google APIs},
    howpublished = {\url{https://developers.google.com/identity/protocols/oauth2}},
    year={2023},
    note = {Acesso: 27 nov 2023}
}
@misc{OAUTH,
    Author = {OAUTH},
    title = {OAuth 2.0},
    howpublished = {\url{https://oauth.net/2/}},
    year={2023},
    note = {Acesso: 26 nov 2023}
}

@book{BARRETO,
    author = {BARRETO, A. P},
    title = {Terapia comunitária: passo a passo},
    year = {2010},
    edition = {4th},
    publisher = {LCR},
    address = {Fortaleza},
}

@ARTICLE{SILVA,
  title     = "{O} cen{\'a}rio da Terapia Comunit{\'a}ria Integrativa no
               Brasil: hist{\'o}ria, panorama e perspectivas",
  author    = "Silva, Milene Zanoni da and Barreto, Adalberto de Paula and
               Lopes Ruiz, Josefa Emilia and Camboim, Silvana Philippi and
               Lazarte, Rolando and Ferreira Filha, Maria de Oliveira",
  journal   = "Temas em educ. sa{\'u}de",
  publisher = "Revista Temas em Educacao e Saude",
  volume    =  16,
  number    = "esp. 1",
  pages     = "341--359",
  month     =  sep,
  year      =  2020
}


@article{GOMES,
	Author = {GOMES, D.O. },
	Title = {A expansão da terapia comunitária integrativa no Brasil e sua inserção em ações de políticas públicas nacionais},
	Year = {2013},
        Journal = {Dissertação (Mestrado em Saúde da Família)},
        Publisher = {Universidade Federal do Ceará - Campus Sobral},
        Pages = {1--154},
        address = {Sobral},
}

@ARTICLE{BOARETTO,
  title     = "Ansiedade e depress{\~a}o na universidade: contribui{\c
               c}{\~o}es da Terapia Comunit{\'a}ria Integrativa",
  author    = "Boaretto, Jucelei Pascoal and Silva, Milene Zanoni da and
               Martins, Eleine Aparecida Penha",
  journal   = "Temas em educ. sa{\'u}de",
  publisher = "Revista Temas em Educacao e Saude",
  volume    =  16,
  number    = "esp. 1",
  pages     = "296--310",
  month     =  sep,
  year      =  2020
}

@ARTICLE{LEITEePALOS,
      title     = "Do centro-oeste brasileiro ao norte portugu{\^e}s:
                   experi{\^e}ncia(s) com a Terapia Comunit{\'a}ria Integrativa",
      author    = "Leite, Lucas Rodrigo Batista and Palos, C{\'a}ssia Maria Carraco",
      journal   = "Temas em educ. sa{\'u}de",
      publisher = "Revista Temas em Educacao e Saude",
      volume    =  16,
      number    = "esp. 1",
      pages     = "286--295",
      month     =  sep,
      year      =  2020
}

@ARTICLE{SILVAFRANCO,
  title     = "{O} valor da Terapia Comunit{\'a}ria Integrativa ({TCI}) no
               Brasil e no mundo: possibilidades, impactos e perspectivas",
  author    = "Silva Franco, Anam{\'e}lia Lins e and Silva, Milene Zanoni               da and Lopez Ruiz, Josefa Emilia and Murcia, Morgana and De              Souza, Taisa Borges and Muzzeti, Luci Regina",
  journal   = "Temas em educ. sa{\'u}de",
  publisher = "Revista Temas em Educacao e Saude",
  volume    =  16,
  number    = "esp. 1",
  pages     = "232--238",
  month     =  sep,
  year      =  2020
}


